%YAML 1.1
%TAG !u! tag:unity3d.com,2011:
--- !u!1 &1358817525011970309
GameObject:
  m_ObjectHideFlags: 0
  m_CorrespondingSourceObject: {fileID: 0}
  m_PrefabInstance: {fileID: 0}
  m_PrefabAsset: {fileID: 0}
  serializedVersion: 6
  m_Component:
  - component: {fileID: 6007857837821073197}
  - component: {fileID: 7145583052031940577}
  m_Layer: 0
  m_Name: Bridge
  m_TagString: Untagged
  m_Icon: {fileID: 0}
  m_NavMeshLayer: 0
  m_StaticEditorFlags: 0
  m_IsActive: 1
--- !u!4 &6007857837821073197
Transform:
  m_ObjectHideFlags: 0
  m_CorrespondingSourceObject: {fileID: 0}
  m_PrefabInstance: {fileID: 0}
  m_PrefabAsset: {fileID: 0}
  m_GameObject: {fileID: 1358817525011970309}
  m_LocalRotation: {x: 0, y: 0, z: 0, w: 1}
  m_LocalPosition: {x: 5.3566694, y: 1.1054759, z: -26.154135}
  m_LocalScale: {x: 1, y: 1, z: 1}
  m_Children:
  - {fileID: 6687920042660266108}
  - {fileID: 3728578970064124584}
  - {fileID: 8547100829446902551}
  - {fileID: 1363165055150606489}
  - {fileID: 317815408470457068}
  - {fileID: 8139815299836329303}
  - {fileID: 1968823721720975633}
  - {fileID: 3957727530732436996}
  - {fileID: 5060549475510181523}
  - {fileID: 6370599682044164876}
  - {fileID: 6237253031897855265}
  - {fileID: 4069462688406794346}
  m_Father: {fileID: 0}
  m_RootOrder: 0
  m_LocalEulerAnglesHint: {x: 0, y: 0, z: 0}
--- !u!64 &7145583052031940577
MeshCollider:
  m_ObjectHideFlags: 0
  m_CorrespondingSourceObject: {fileID: 0}
  m_PrefabInstance: {fileID: 0}
  m_PrefabAsset: {fileID: 0}
  m_GameObject: {fileID: 1358817525011970309}
  m_Material: {fileID: 0}
  m_IsTrigger: 0
  m_Enabled: 1
  serializedVersion: 4
  m_Convex: 0
  m_CookingOptions: 30
  m_Mesh: {fileID: 0}
--- !u!1001 &280245805938089223
PrefabInstance:
  m_ObjectHideFlags: 0
  serializedVersion: 2
  m_Modification:
    m_TransformParent: {fileID: 6007857837821073197}
    m_Modifications:
    - target: {fileID: -8679921383154817045, guid: 4fe4b9ce7f97433488e12f8a859d77cc,
        type: 3}
      propertyPath: m_LocalPosition.x
      value: -1.5566695
      objectReference: {fileID: 0}
    - target: {fileID: -8679921383154817045, guid: 4fe4b9ce7f97433488e12f8a859d77cc,
        type: 3}
      propertyPath: m_LocalPosition.y
      value: -0.3454759
      objectReference: {fileID: 0}
    - target: {fileID: -8679921383154817045, guid: 4fe4b9ce7f97433488e12f8a859d77cc,
        type: 3}
      propertyPath: m_LocalPosition.z
      value: -5.785866
      objectReference: {fileID: 0}
    - target: {fileID: -8679921383154817045, guid: 4fe4b9ce7f97433488e12f8a859d77cc,
        type: 3}
      propertyPath: m_LocalRotation.x
      value: -0.5000007
      objectReference: {fileID: 0}
    - target: {fileID: -8679921383154817045, guid: 4fe4b9ce7f97433488e12f8a859d77cc,
        type: 3}
      propertyPath: m_LocalRotation.y
      value: 0.4999993
      objectReference: {fileID: 0}
    - target: {fileID: -8679921383154817045, guid: 4fe4b9ce7f97433488e12f8a859d77cc,
        type: 3}
      propertyPath: m_LocalRotation.z
      value: 0.4999993
      objectReference: {fileID: 0}
    - target: {fileID: -8679921383154817045, guid: 4fe4b9ce7f97433488e12f8a859d77cc,
        type: 3}
      propertyPath: m_LocalRotation.w
      value: 0.5000007
      objectReference: {fileID: 0}
    - target: {fileID: -8679921383154817045, guid: 4fe4b9ce7f97433488e12f8a859d77cc,
        type: 3}
      propertyPath: m_RootOrder
      value: 4
      objectReference: {fileID: 0}
    - target: {fileID: -8679921383154817045, guid: 4fe4b9ce7f97433488e12f8a859d77cc,
        type: 3}
      propertyPath: m_LocalEulerAnglesHint.x
      value: -90.00001
      objectReference: {fileID: 0}
    - target: {fileID: -8679921383154817045, guid: 4fe4b9ce7f97433488e12f8a859d77cc,
        type: 3}
      propertyPath: m_LocalEulerAnglesHint.y
      value: 0
      objectReference: {fileID: 0}
    - target: {fileID: -8679921383154817045, guid: 4fe4b9ce7f97433488e12f8a859d77cc,
        type: 3}
      propertyPath: m_LocalEulerAnglesHint.z
      value: 90.00001
      objectReference: {fileID: 0}
    - target: {fileID: -8679921383154817045, guid: 4fe4b9ce7f97433488e12f8a859d77cc,
        type: 3}
      propertyPath: m_LocalScale.x
      value: 2.011457
      objectReference: {fileID: 0}
    - target: {fileID: -8679921383154817045, guid: 4fe4b9ce7f97433488e12f8a859d77cc,
        type: 3}
      propertyPath: m_LocalScale.y
      value: 1.6638546
      objectReference: {fileID: 0}
    - target: {fileID: -8679921383154817045, guid: 4fe4b9ce7f97433488e12f8a859d77cc,
        type: 3}
      propertyPath: m_LocalScale.z
      value: 1.6638546
      objectReference: {fileID: 0}
    - target: {fileID: 919132149155446097, guid: 4fe4b9ce7f97433488e12f8a859d77cc,
        type: 3}
      propertyPath: m_Name
      value: Bridge_01
      objectReference: {fileID: 0}
    m_RemovedComponents: []
  m_SourcePrefab: {fileID: 100100000, guid: 4fe4b9ce7f97433488e12f8a859d77cc, type: 3}
--- !u!4 &317815408470457068 stripped
Transform:
  m_CorrespondingSourceObject: {fileID: -8679921383154817045, guid: 4fe4b9ce7f97433488e12f8a859d77cc,
    type: 3}
  m_PrefabInstance: {fileID: 280245805938089223}
  m_PrefabAsset: {fileID: 0}
--- !u!1001 &1540325734928035698
PrefabInstance:
  m_ObjectHideFlags: 0
  serializedVersion: 2
  m_Modification:
    m_TransformParent: {fileID: 6007857837821073197}
    m_Modifications:
    - target: {fileID: -8679921383154817045, guid: 09ccabc8e2267c344a57db58f516c228,
        type: 3}
      propertyPath: m_LocalPosition.x
      value: -1.3230262
      objectReference: {fileID: 0}
    - target: {fileID: -8679921383154817045, guid: 09ccabc8e2267c344a57db58f516c228,
        type: 3}
      propertyPath: m_LocalPosition.y
      value: -13.215475
      objectReference: {fileID: 0}
    - target: {fileID: -8679921383154817045, guid: 09ccabc8e2267c344a57db58f516c228,
        type: 3}
      propertyPath: m_LocalPosition.z
      value: -4.67
      objectReference: {fileID: 0}
    - target: {fileID: -8679921383154817045, guid: 09ccabc8e2267c344a57db58f516c228,
        type: 3}
      propertyPath: m_LocalRotation.x
      value: -0
      objectReference: {fileID: 0}
    - target: {fileID: -8679921383154817045, guid: 09ccabc8e2267c344a57db58f516c228,
        type: 3}
      propertyPath: m_LocalRotation.y
      value: -0
      objectReference: {fileID: 0}
    - target: {fileID: -8679921383154817045, guid: 09ccabc8e2267c344a57db58f516c228,
        type: 3}
      propertyPath: m_LocalRotation.z
      value: -0
      objectReference: {fileID: 0}
    - target: {fileID: -8679921383154817045, guid: 09ccabc8e2267c344a57db58f516c228,
        type: 3}
      propertyPath: m_LocalRotation.w
      value: 1
      objectReference: {fileID: 0}
    - target: {fileID: -8679921383154817045, guid: 09ccabc8e2267c344a57db58f516c228,
        type: 3}
      propertyPath: m_RootOrder
      value: 3
      objectReference: {fileID: 0}
    - target: {fileID: -8679921383154817045, guid: 09ccabc8e2267c344a57db58f516c228,
        type: 3}
      propertyPath: m_LocalEulerAnglesHint.x
      value: 0
      objectReference: {fileID: 0}
    - target: {fileID: -8679921383154817045, guid: 09ccabc8e2267c344a57db58f516c228,
        type: 3}
      propertyPath: m_LocalEulerAnglesHint.y
      value: 0
      objectReference: {fileID: 0}
    - target: {fileID: -8679921383154817045, guid: 09ccabc8e2267c344a57db58f516c228,
        type: 3}
      propertyPath: m_LocalEulerAnglesHint.z
      value: 0
      objectReference: {fileID: 0}
    - target: {fileID: -8679921383154817045, guid: 09ccabc8e2267c344a57db58f516c228,
        type: 3}
      propertyPath: m_LocalScale.z
      value: 1.242
      objectReference: {fileID: 0}
    - target: {fileID: -8679921383154817045, guid: 09ccabc8e2267c344a57db58f516c228,
        type: 3}
      propertyPath: m_LocalScale.y
      value: 1.4969612
      objectReference: {fileID: 0}
    - target: {fileID: 919132149155446097, guid: 09ccabc8e2267c344a57db58f516c228,
        type: 3}
      propertyPath: m_Name
      value: Pillar_01
      objectReference: {fileID: 0}
    m_RemovedComponents: []
  m_SourcePrefab: {fileID: 100100000, guid: 09ccabc8e2267c344a57db58f516c228, type: 3}
--- !u!4 &1363165055150606489 stripped
Transform:
  m_CorrespondingSourceObject: {fileID: -8679921383154817045, guid: 09ccabc8e2267c344a57db58f516c228,
    type: 3}
  m_PrefabInstance: {fileID: 1540325734928035698}
  m_PrefabAsset: {fileID: 0}
--- !u!1001 &2078432956811572986
PrefabInstance:
  m_ObjectHideFlags: 0
  serializedVersion: 2
  m_Modification:
    m_TransformParent: {fileID: 6007857837821073197}
    m_Modifications:
    - target: {fileID: -8679921383154817045, guid: fe52a1bb0fe97e7498daa59b931c88a8,
        type: 3}
      propertyPath: m_LocalPosition.x
      value: -2.8866694
      objectReference: {fileID: 0}
    - target: {fileID: -8679921383154817045, guid: fe52a1bb0fe97e7498daa59b931c88a8,
        type: 3}
      propertyPath: m_LocalPosition.y
      value: 0.03140676
      objectReference: {fileID: 0}
    - target: {fileID: -8679921383154817045, guid: fe52a1bb0fe97e7498daa59b931c88a8,
        type: 3}
      propertyPath: m_LocalPosition.z
      value: 9.003105
      objectReference: {fileID: 0}
    - target: {fileID: -8679921383154817045, guid: fe52a1bb0fe97e7498daa59b931c88a8,
        type: 3}
      propertyPath: m_LocalRotation.x
      value: -0.49832535
      objectReference: {fileID: 0}
    - target: {fileID: -8679921383154817045, guid: fe52a1bb0fe97e7498daa59b931c88a8,
        type: 3}
      propertyPath: m_LocalRotation.y
      value: 0.4903762
      objectReference: {fileID: 0}
    - target: {fileID: -8679921383154817045, guid: fe52a1bb0fe97e7498daa59b931c88a8,
        type: 3}
      propertyPath: m_LocalRotation.z
      value: 0.50148964
      objectReference: {fileID: 0}
    - target: {fileID: -8679921383154817045, guid: fe52a1bb0fe97e7498daa59b931c88a8,
        type: 3}
      propertyPath: m_LocalRotation.w
      value: 0.5096188
      objectReference: {fileID: 0}
    - target: {fileID: -8679921383154817045, guid: fe52a1bb0fe97e7498daa59b931c88a8,
        type: 3}
      propertyPath: m_RootOrder
      value: 6
      objectReference: {fileID: 0}
    - target: {fileID: -8679921383154817045, guid: fe52a1bb0fe97e7498daa59b931c88a8,
        type: 3}
      propertyPath: m_LocalEulerAnglesHint.x
      value: -88.716
      objectReference: {fileID: 0}
    - target: {fileID: -8679921383154817045, guid: fe52a1bb0fe97e7498daa59b931c88a8,
        type: 3}
      propertyPath: m_LocalEulerAnglesHint.y
      value: 0
      objectReference: {fileID: 0}
    - target: {fileID: -8679921383154817045, guid: fe52a1bb0fe97e7498daa59b931c88a8,
        type: 3}
      propertyPath: m_LocalEulerAnglesHint.z
      value: 89.079
      objectReference: {fileID: 0}
    - target: {fileID: -8679921383154817045, guid: fe52a1bb0fe97e7498daa59b931c88a8,
        type: 3}
      propertyPath: m_LocalScale.x
      value: 3.1594577
      objectReference: {fileID: 0}
    - target: {fileID: -8679921383154817045, guid: fe52a1bb0fe97e7498daa59b931c88a8,
        type: 3}
      propertyPath: m_LocalScale.y
      value: 1.8793875
      objectReference: {fileID: 0}
    - target: {fileID: -8679921383154817045, guid: fe52a1bb0fe97e7498daa59b931c88a8,
        type: 3}
      propertyPath: m_LocalScale.z
      value: 2.053863
      objectReference: {fileID: 0}
    - target: {fileID: 919132149155446097, guid: fe52a1bb0fe97e7498daa59b931c88a8,
        type: 3}
      propertyPath: m_Name
      value: Wood_Plank_01 (1)
      objectReference: {fileID: 0}
    m_RemovedComponents: []
  m_SourcePrefab: {fileID: 100100000, guid: fe52a1bb0fe97e7498daa59b931c88a8, type: 3}
--- !u!4 &1968823721720975633 stripped
Transform:
  m_CorrespondingSourceObject: {fileID: -8679921383154817045, guid: fe52a1bb0fe97e7498daa59b931c88a8,
    type: 3}
  m_PrefabInstance: {fileID: 2078432956811572986}
  m_PrefabAsset: {fileID: 0}
--- !u!1001 &3559555942077585903
PrefabInstance:
  m_ObjectHideFlags: 0
  serializedVersion: 2
  m_Modification:
    m_TransformParent: {fileID: 6007857837821073197}
    m_Modifications:
    - target: {fileID: -8679921383154817045, guid: fe52a1bb0fe97e7498daa59b931c88a8,
        type: 3}
      propertyPath: m_LocalPosition.x
      value: -1.9966695
      objectReference: {fileID: 0}
    - target: {fileID: -8679921383154817045, guid: fe52a1bb0fe97e7498daa59b931c88a8,
        type: 3}
      propertyPath: m_LocalPosition.y
      value: 0.03140676
      objectReference: {fileID: 0}
    - target: {fileID: -8679921383154817045, guid: fe52a1bb0fe97e7498daa59b931c88a8,
        type: 3}
      propertyPath: m_LocalPosition.z
      value: 9.003105
      objectReference: {fileID: 0}
    - target: {fileID: -8679921383154817045, guid: fe52a1bb0fe97e7498daa59b931c88a8,
        type: 3}
      propertyPath: m_LocalRotation.x
      value: 0.5033743
      objectReference: {fileID: 0}
    - target: {fileID: -8679921383154817045, guid: fe52a1bb0fe97e7498daa59b931c88a8,
        type: 3}
      propertyPath: m_LocalRotation.y
      value: 0.48519203
      objectReference: {fileID: 0}
    - target: {fileID: -8679921383154817045, guid: fe52a1bb0fe97e7498daa59b931c88a8,
        type: 3}
      propertyPath: m_LocalRotation.z
      value: 0.4961879
      objectReference: {fileID: 0}
    - target: {fileID: -8679921383154817045, guid: fe52a1bb0fe97e7498daa59b931c88a8,
        type: 3}
      propertyPath: m_LocalRotation.w
      value: -0.51478213
      objectReference: {fileID: 0}
    - target: {fileID: -8679921383154817045, guid: fe52a1bb0fe97e7498daa59b931c88a8,
        type: 3}
      propertyPath: m_RootOrder
      value: 7
      objectReference: {fileID: 0}
    - target: {fileID: -8679921383154817045, guid: fe52a1bb0fe97e7498daa59b931c88a8,
        type: 3}
      propertyPath: m_LocalEulerAnglesHint.x
      value: -88.716
      objectReference: {fileID: 0}
    - target: {fileID: -8679921383154817045, guid: fe52a1bb0fe97e7498daa59b931c88a8,
        type: 3}
      propertyPath: m_LocalEulerAnglesHint.y
      value: 0
      objectReference: {fileID: 0}
    - target: {fileID: -8679921383154817045, guid: fe52a1bb0fe97e7498daa59b931c88a8,
        type: 3}
      propertyPath: m_LocalEulerAnglesHint.z
      value: 272.107
      objectReference: {fileID: 0}
    - target: {fileID: -8679921383154817045, guid: fe52a1bb0fe97e7498daa59b931c88a8,
        type: 3}
      propertyPath: m_LocalScale.x
      value: 3.159457
      objectReference: {fileID: 0}
    - target: {fileID: -8679921383154817045, guid: fe52a1bb0fe97e7498daa59b931c88a8,
        type: 3}
      propertyPath: m_LocalScale.y
      value: 1.879387
      objectReference: {fileID: 0}
    - target: {fileID: -8679921383154817045, guid: fe52a1bb0fe97e7498daa59b931c88a8,
        type: 3}
      propertyPath: m_LocalScale.z
      value: 2.0538626
      objectReference: {fileID: 0}
    - target: {fileID: 919132149155446097, guid: fe52a1bb0fe97e7498daa59b931c88a8,
        type: 3}
      propertyPath: m_Name
      value: Wood_Plank_01 (2)
      objectReference: {fileID: 0}
    m_RemovedComponents: []
  m_SourcePrefab: {fileID: 100100000, guid: fe52a1bb0fe97e7498daa59b931c88a8, type: 3}
--- !u!4 &3957727530732436996 stripped
Transform:
  m_CorrespondingSourceObject: {fileID: -8679921383154817045, guid: fe52a1bb0fe97e7498daa59b931c88a8,
    type: 3}
  m_PrefabInstance: {fileID: 3559555942077585903}
  m_PrefabAsset: {fileID: 0}
--- !u!1001 &3761679610741562691
PrefabInstance:
  m_ObjectHideFlags: 0
  serializedVersion: 2
  m_Modification:
    m_TransformParent: {fileID: 6007857837821073197}
    m_Modifications:
    - target: {fileID: -8679921383154817045, guid: fe52a1bb0fe97e7498daa59b931c88a8,
        type: 3}
      propertyPath: m_LocalPosition.x
      value: -0.9966693
      objectReference: {fileID: 0}
    - target: {fileID: -8679921383154817045, guid: fe52a1bb0fe97e7498daa59b931c88a8,
        type: 3}
      propertyPath: m_LocalPosition.y
      value: 0.03140676
      objectReference: {fileID: 0}
    - target: {fileID: -8679921383154817045, guid: fe52a1bb0fe97e7498daa59b931c88a8,
        type: 3}
      propertyPath: m_LocalPosition.z
      value: 9.003105
      objectReference: {fileID: 0}
    - target: {fileID: -8679921383154817045, guid: fe52a1bb0fe97e7498daa59b931c88a8,
        type: 3}
      propertyPath: m_LocalRotation.x
      value: -0.5159878
      objectReference: {fileID: 0}
    - target: {fileID: -8679921383154817045, guid: fe52a1bb0fe97e7498daa59b931c88a8,
        type: 3}
      propertyPath: m_LocalRotation.y
      value: 0.47175577
      objectReference: {fileID: 0}
    - target: {fileID: -8679921383154817045, guid: fe52a1bb0fe97e7498daa59b931c88a8,
        type: 3}
      propertyPath: m_LocalRotation.z
      value: 0.4824472
      objectReference: {fileID: 0}
    - target: {fileID: -8679921383154817045, guid: fe52a1bb0fe97e7498daa59b931c88a8,
        type: 3}
      propertyPath: m_LocalRotation.w
      value: 0.5276815
      objectReference: {fileID: 0}
    - target: {fileID: -8679921383154817045, guid: fe52a1bb0fe97e7498daa59b931c88a8,
        type: 3}
      propertyPath: m_RootOrder
      value: 1
      objectReference: {fileID: 0}
    - target: {fileID: -8679921383154817045, guid: fe52a1bb0fe97e7498daa59b931c88a8,
        type: 3}
      propertyPath: m_LocalEulerAnglesHint.x
      value: -88.716
      objectReference: {fileID: 0}
    - target: {fileID: -8679921383154817045, guid: fe52a1bb0fe97e7498daa59b931c88a8,
        type: 3}
      propertyPath: m_LocalEulerAnglesHint.y
      value: 0
      objectReference: {fileID: 0}
    - target: {fileID: -8679921383154817045, guid: fe52a1bb0fe97e7498daa59b931c88a8,
        type: 3}
      propertyPath: m_LocalEulerAnglesHint.z
      value: 84.872
      objectReference: {fileID: 0}
    - target: {fileID: -8679921383154817045, guid: fe52a1bb0fe97e7498daa59b931c88a8,
        type: 3}
      propertyPath: m_LocalScale.x
      value: 3.1594574
      objectReference: {fileID: 0}
    - target: {fileID: -8679921383154817045, guid: fe52a1bb0fe97e7498daa59b931c88a8,
        type: 3}
      propertyPath: m_LocalScale.y
      value: 1.8793874
      objectReference: {fileID: 0}
    - target: {fileID: -8679921383154817045, guid: fe52a1bb0fe97e7498daa59b931c88a8,
        type: 3}
      propertyPath: m_LocalScale.z
      value: 2.053863
      objectReference: {fileID: 0}
    - target: {fileID: 919132149155446097, guid: fe52a1bb0fe97e7498daa59b931c88a8,
        type: 3}
      propertyPath: m_Name
      value: Wood_Plank_01
      objectReference: {fileID: 0}
    m_RemovedComponents: []
  m_SourcePrefab: {fileID: 100100000, guid: fe52a1bb0fe97e7498daa59b931c88a8, type: 3}
--- !u!4 &3728578970064124584 stripped
Transform:
  m_CorrespondingSourceObject: {fileID: -8679921383154817045, guid: fe52a1bb0fe97e7498daa59b931c88a8,
    type: 3}
  m_PrefabInstance: {fileID: 3761679610741562691}
  m_PrefabAsset: {fileID: 0}
--- !u!1001 &4608057339869403009
PrefabInstance:
  m_ObjectHideFlags: 0
  serializedVersion: 2
  m_Modification:
    m_TransformParent: {fileID: 6007857837821073197}
    m_Modifications:
    - target: {fileID: -8679921383154817045, guid: f8cadb5bb61568c4a94466558aa6af60,
        type: 3}
      propertyPath: m_LocalPosition.x
      value: -2.3166695
      objectReference: {fileID: 0}
    - target: {fileID: -8679921383154817045, guid: f8cadb5bb61568c4a94466558aa6af60,
        type: 3}
      propertyPath: m_LocalPosition.y
      value: 0.120765686
      objectReference: {fileID: 0}
    - target: {fileID: -8679921383154817045, guid: f8cadb5bb61568c4a94466558aa6af60,
        type: 3}
      propertyPath: m_LocalPosition.z
      value: 9.925337
      objectReference: {fileID: 0}
    - target: {fileID: -8679921383154817045, guid: f8cadb5bb61568c4a94466558aa6af60,
        type: 3}
      propertyPath: m_LocalRotation.x
      value: -0.6620832
      objectReference: {fileID: 0}
    - target: {fileID: -8679921383154817045, guid: f8cadb5bb61568c4a94466558aa6af60,
        type: 3}
      propertyPath: m_LocalRotation.y
      value: 0.2245946
      objectReference: {fileID: 0}
    - target: {fileID: -8679921383154817045, guid: f8cadb5bb61568c4a94466558aa6af60,
        type: 3}
      propertyPath: m_LocalRotation.z
      value: 0.22968453
      objectReference: {fileID: 0}
    - target: {fileID: -8679921383154817045, guid: f8cadb5bb61568c4a94466558aa6af60,
        type: 3}
      propertyPath: m_LocalRotation.w
      value: 0.67708796
      objectReference: {fileID: 0}
    - target: {fileID: -8679921383154817045, guid: f8cadb5bb61568c4a94466558aa6af60,
        type: 3}
      propertyPath: m_RootOrder
      value: 11
      objectReference: {fileID: 0}
    - target: {fileID: -8679921383154817045, guid: f8cadb5bb61568c4a94466558aa6af60,
        type: 3}
      propertyPath: m_LocalEulerAnglesHint.x
      value: -88.716
      objectReference: {fileID: 0}
    - target: {fileID: -8679921383154817045, guid: f8cadb5bb61568c4a94466558aa6af60,
        type: 3}
      propertyPath: m_LocalEulerAnglesHint.y
      value: 0
      objectReference: {fileID: 0}
    - target: {fileID: -8679921383154817045, guid: f8cadb5bb61568c4a94466558aa6af60,
        type: 3}
      propertyPath: m_LocalEulerAnglesHint.z
      value: 37.476
      objectReference: {fileID: 0}
    - target: {fileID: -8679921383154817045, guid: f8cadb5bb61568c4a94466558aa6af60,
        type: 3}
      propertyPath: m_LocalScale.x
      value: 1.4567001
      objectReference: {fileID: 0}
    - target: {fileID: -8679921383154817045, guid: f8cadb5bb61568c4a94466558aa6af60,
        type: 3}
      propertyPath: m_LocalScale.y
      value: 1.4567
      objectReference: {fileID: 0}
    - target: {fileID: -8679921383154817045, guid: f8cadb5bb61568c4a94466558aa6af60,
        type: 3}
      propertyPath: m_LocalScale.z
      value: 1.4567
      objectReference: {fileID: 0}
    - target: {fileID: 919132149155446097, guid: f8cadb5bb61568c4a94466558aa6af60,
        type: 3}
      propertyPath: m_Name
      value: Wood_Plank_02 (4)
      objectReference: {fileID: 0}
    m_RemovedComponents: []
  m_SourcePrefab: {fileID: 100100000, guid: f8cadb5bb61568c4a94466558aa6af60, type: 3}
--- !u!4 &4069462688406794346 stripped
Transform:
  m_CorrespondingSourceObject: {fileID: -8679921383154817045, guid: f8cadb5bb61568c4a94466558aa6af60,
    type: 3}
  m_PrefabInstance: {fileID: 4608057339869403009}
  m_PrefabAsset: {fileID: 0}
--- !u!1001 &4733309127935113592
PrefabInstance:
  m_ObjectHideFlags: 0
  serializedVersion: 2
  m_Modification:
    m_TransformParent: {fileID: 6007857837821073197}
    m_Modifications:
    - target: {fileID: -8679921383154817045, guid: f8cadb5bb61568c4a94466558aa6af60,
        type: 3}
      propertyPath: m_LocalPosition.x
      value: -2.0466695
      objectReference: {fileID: 0}
    - target: {fileID: -8679921383154817045, guid: f8cadb5bb61568c4a94466558aa6af60,
        type: 3}
      propertyPath: m_LocalPosition.y
      value: 0.087828994
      objectReference: {fileID: 0}
    - target: {fileID: -8679921383154817045, guid: f8cadb5bb61568c4a94466558aa6af60,
        type: 3}
      propertyPath: m_LocalPosition.z
      value: 11.394968
      objectReference: {fileID: 0}
    - target: {fileID: -8679921383154817045, guid: f8cadb5bb61568c4a94466558aa6af60,
        type: 3}
      propertyPath: m_LocalRotation.x
      value: -0.68431985
      objectReference: {fileID: 0}
    - target: {fileID: -8679921383154817045, guid: f8cadb5bb61568c4a94466558aa6af60,
        type: 3}
      propertyPath: m_LocalRotation.y
      value: 0.14318967
      objectReference: {fileID: 0}
    - target: {fileID: -8679921383154817045, guid: f8cadb5bb61568c4a94466558aa6af60,
        type: 3}
      propertyPath: m_LocalRotation.z
      value: 0.14643475
      objectReference: {fileID: 0}
    - target: {fileID: -8679921383154817045, guid: f8cadb5bb61568c4a94466558aa6af60,
        type: 3}
      propertyPath: m_LocalRotation.w
      value: 0.6998285
      objectReference: {fileID: 0}
    - target: {fileID: -8679921383154817045, guid: f8cadb5bb61568c4a94466558aa6af60,
        type: 3}
      propertyPath: m_RootOrder
      value: 8
      objectReference: {fileID: 0}
    - target: {fileID: -8679921383154817045, guid: f8cadb5bb61568c4a94466558aa6af60,
        type: 3}
      propertyPath: m_LocalEulerAnglesHint.x
      value: -88.716
      objectReference: {fileID: 0}
    - target: {fileID: -8679921383154817045, guid: f8cadb5bb61568c4a94466558aa6af60,
        type: 3}
      propertyPath: m_LocalEulerAnglesHint.y
      value: 0
      objectReference: {fileID: 0}
    - target: {fileID: -8679921383154817045, guid: f8cadb5bb61568c4a94466558aa6af60,
        type: 3}
      propertyPath: m_LocalEulerAnglesHint.z
      value: 23.637001
      objectReference: {fileID: 0}
    - target: {fileID: -8679921383154817045, guid: f8cadb5bb61568c4a94466558aa6af60,
        type: 3}
      propertyPath: m_LocalScale.x
      value: 1.4567001
      objectReference: {fileID: 0}
    - target: {fileID: -8679921383154817045, guid: f8cadb5bb61568c4a94466558aa6af60,
        type: 3}
      propertyPath: m_LocalScale.y
      value: 1.4567002
      objectReference: {fileID: 0}
    - target: {fileID: -8679921383154817045, guid: f8cadb5bb61568c4a94466558aa6af60,
        type: 3}
      propertyPath: m_LocalScale.z
      value: 1.4567002
      objectReference: {fileID: 0}
    - target: {fileID: 919132149155446097, guid: f8cadb5bb61568c4a94466558aa6af60,
        type: 3}
      propertyPath: m_Name
      value: Wood_Plank_02 (1)
      objectReference: {fileID: 0}
    m_RemovedComponents: []
  m_SourcePrefab: {fileID: 100100000, guid: f8cadb5bb61568c4a94466558aa6af60, type: 3}
--- !u!4 &5060549475510181523 stripped
Transform:
  m_CorrespondingSourceObject: {fileID: -8679921383154817045, guid: f8cadb5bb61568c4a94466558aa6af60,
    type: 3}
  m_PrefabInstance: {fileID: 4733309127935113592}
  m_PrefabAsset: {fileID: 0}
--- !u!1001 &5838237330430923466
PrefabInstance:
  m_ObjectHideFlags: 0
  serializedVersion: 2
  m_Modification:
    m_TransformParent: {fileID: 6007857837821073197}
    m_Modifications:
    - target: {fileID: -8679921383154817045, guid: f8cadb5bb61568c4a94466558aa6af60,
        type: 3}
      propertyPath: m_LocalPosition.x
      value: -1.8366694
      objectReference: {fileID: 0}
    - target: {fileID: -8679921383154817045, guid: f8cadb5bb61568c4a94466558aa6af60,
        type: 3}
      propertyPath: m_LocalPosition.y
      value: 0.19
      objectReference: {fileID: 0}
    - target: {fileID: -8679921383154817045, guid: f8cadb5bb61568c4a94466558aa6af60,
        type: 3}
      propertyPath: m_LocalPosition.z
      value: 6.836113
      objectReference: {fileID: 0}
    - target: {fileID: -8679921383154817045, guid: f8cadb5bb61568c4a94466558aa6af60,
        type: 3}
      propertyPath: m_LocalRotation.x
      value: -0.6991262
      objectReference: {fileID: 0}
    - target: {fileID: -8679921383154817045, guid: f8cadb5bb61568c4a94466558aa6af60,
        type: 3}
      propertyPath: m_LocalRotation.y
      value: 0.0044167107
      objectReference: {fileID: 0}
    - target: {fileID: -8679921383154817045, guid: f8cadb5bb61568c4a94466558aa6af60,
        type: 3}
      propertyPath: m_LocalRotation.z
      value: 0.004516806
      objectReference: {fileID: 0}
    - target: {fileID: -8679921383154817045, guid: f8cadb5bb61568c4a94466558aa6af60,
        type: 3}
      propertyPath: m_LocalRotation.w
      value: 0.71497047
      objectReference: {fileID: 0}
    - target: {fileID: -8679921383154817045, guid: f8cadb5bb61568c4a94466558aa6af60,
        type: 3}
      propertyPath: m_RootOrder
      value: 10
      objectReference: {fileID: 0}
    - target: {fileID: -8679921383154817045, guid: f8cadb5bb61568c4a94466558aa6af60,
        type: 3}
      propertyPath: m_LocalEulerAnglesHint.x
      value: -88.716
      objectReference: {fileID: 0}
    - target: {fileID: -8679921383154817045, guid: f8cadb5bb61568c4a94466558aa6af60,
        type: 3}
      propertyPath: m_LocalEulerAnglesHint.y
      value: 0
      objectReference: {fileID: 0}
    - target: {fileID: -8679921383154817045, guid: f8cadb5bb61568c4a94466558aa6af60,
        type: 3}
      propertyPath: m_LocalEulerAnglesHint.z
      value: 0.72400004
      objectReference: {fileID: 0}
    - target: {fileID: -8679921383154817045, guid: f8cadb5bb61568c4a94466558aa6af60,
        type: 3}
      propertyPath: m_LocalScale.x
      value: 1.4567001
      objectReference: {fileID: 0}
    - target: {fileID: -8679921383154817045, guid: f8cadb5bb61568c4a94466558aa6af60,
        type: 3}
      propertyPath: m_LocalScale.y
      value: 1.4567001
      objectReference: {fileID: 0}
    - target: {fileID: -8679921383154817045, guid: f8cadb5bb61568c4a94466558aa6af60,
        type: 3}
      propertyPath: m_LocalScale.z
      value: 1.4566998
      objectReference: {fileID: 0}
    - target: {fileID: 919132149155446097, guid: f8cadb5bb61568c4a94466558aa6af60,
        type: 3}
      propertyPath: m_Name
      value: Wood_Plank_02 (3)
      objectReference: {fileID: 0}
    m_RemovedComponents: []
  m_SourcePrefab: {fileID: 100100000, guid: f8cadb5bb61568c4a94466558aa6af60, type: 3}
--- !u!4 &6237253031897855265 stripped
Transform:
  m_CorrespondingSourceObject: {fileID: -8679921383154817045, guid: f8cadb5bb61568c4a94466558aa6af60,
    type: 3}
  m_PrefabInstance: {fileID: 5838237330430923466}
  m_PrefabAsset: {fileID: 0}
--- !u!1001 &6582849393043859351
PrefabInstance:
  m_ObjectHideFlags: 0
  serializedVersion: 2
  m_Modification:
    m_TransformParent: {fileID: 6007857837821073197}
    m_Modifications:
    - target: {fileID: -8679921383154817045, guid: f8cadb5bb61568c4a94466558aa6af60,
        type: 3}
      propertyPath: m_LocalPosition.x
      value: -1.9306693
      objectReference: {fileID: 0}
    - target: {fileID: -8679921383154817045, guid: f8cadb5bb61568c4a94466558aa6af60,
        type: 3}
      propertyPath: m_LocalPosition.y
      value: 0.21888137
      objectReference: {fileID: 0}
    - target: {fileID: -8679921383154817045, guid: f8cadb5bb61568c4a94466558aa6af60,
        type: 3}
      propertyPath: m_LocalPosition.z
      value: 5.5474377
      objectReference: {fileID: 0}
    - target: {fileID: -8679921383154817045, guid: f8cadb5bb61568c4a94466558aa6af60,
        type: 3}
      propertyPath: m_LocalRotation.x
      value: -0.68431985
      objectReference: {fileID: 0}
    - target: {fileID: -8679921383154817045, guid: f8cadb5bb61568c4a94466558aa6af60,
        type: 3}
      propertyPath: m_LocalRotation.y
      value: 0.14318967
      objectReference: {fileID: 0}
    - target: {fileID: -8679921383154817045, guid: f8cadb5bb61568c4a94466558aa6af60,
        type: 3}
      propertyPath: m_LocalRotation.z
      value: 0.14643475
      objectReference: {fileID: 0}
    - target: {fileID: -8679921383154817045, guid: f8cadb5bb61568c4a94466558aa6af60,
        type: 3}
      propertyPath: m_LocalRotation.w
      value: 0.6998285
      objectReference: {fileID: 0}
    - target: {fileID: -8679921383154817045, guid: f8cadb5bb61568c4a94466558aa6af60,
        type: 3}
      propertyPath: m_RootOrder
      value: 0
      objectReference: {fileID: 0}
    - target: {fileID: -8679921383154817045, guid: f8cadb5bb61568c4a94466558aa6af60,
        type: 3}
      propertyPath: m_LocalEulerAnglesHint.x
      value: -88.716
      objectReference: {fileID: 0}
    - target: {fileID: -8679921383154817045, guid: f8cadb5bb61568c4a94466558aa6af60,
        type: 3}
      propertyPath: m_LocalEulerAnglesHint.y
      value: 0
      objectReference: {fileID: 0}
    - target: {fileID: -8679921383154817045, guid: f8cadb5bb61568c4a94466558aa6af60,
        type: 3}
      propertyPath: m_LocalEulerAnglesHint.z
      value: 23.637001
      objectReference: {fileID: 0}
    - target: {fileID: -8679921383154817045, guid: f8cadb5bb61568c4a94466558aa6af60,
        type: 3}
      propertyPath: m_LocalScale.x
      value: 1.4567001
      objectReference: {fileID: 0}
    - target: {fileID: -8679921383154817045, guid: f8cadb5bb61568c4a94466558aa6af60,
        type: 3}
      propertyPath: m_LocalScale.y
      value: 1.4567002
      objectReference: {fileID: 0}
    - target: {fileID: -8679921383154817045, guid: f8cadb5bb61568c4a94466558aa6af60,
        type: 3}
      propertyPath: m_LocalScale.z
      value: 1.4567002
      objectReference: {fileID: 0}
    - target: {fileID: 919132149155446097, guid: f8cadb5bb61568c4a94466558aa6af60,
        type: 3}
      propertyPath: m_Name
      value: Wood_Plank_02
      objectReference: {fileID: 0}
    m_RemovedComponents: []
  m_SourcePrefab: {fileID: 100100000, guid: f8cadb5bb61568c4a94466558aa6af60, type: 3}
--- !u!4 &6687920042660266108 stripped
Transform:
  m_CorrespondingSourceObject: {fileID: -8679921383154817045, guid: f8cadb5bb61568c4a94466558aa6af60,
    type: 3}
  m_PrefabInstance: {fileID: 6582849393043859351}
  m_PrefabAsset: {fileID: 0}
--- !u!1001 &6909176952914451687
PrefabInstance:
  m_ObjectHideFlags: 0
  serializedVersion: 2
  m_Modification:
    m_TransformParent: {fileID: 6007857837821073197}
    m_Modifications:
    - target: {fileID: -8679921383154817045, guid: f8cadb5bb61568c4a94466558aa6af60,
        type: 3}
      propertyPath: m_LocalPosition.x
      value: -1.9666693
      objectReference: {fileID: 0}
    - target: {fileID: -8679921383154817045, guid: f8cadb5bb61568c4a94466558aa6af60,
        type: 3}
      propertyPath: m_LocalPosition.y
      value: 0.1689384
      objectReference: {fileID: 0}
    - target: {fileID: -8679921383154817045, guid: f8cadb5bb61568c4a94466558aa6af60,
        type: 3}
      propertyPath: m_LocalPosition.z
      value: 7.775881
      objectReference: {fileID: 0}
    - target: {fileID: -8679921383154817045, guid: f8cadb5bb61568c4a94466558aa6af60,
        type: 3}
      propertyPath: m_LocalRotation.x
      value: -0.693551
      objectReference: {fileID: 0}
    - target: {fileID: -8679921383154817045, guid: f8cadb5bb61568c4a94466558aa6af60,
        type: 3}
      propertyPath: m_LocalRotation.y
      value: -0.088226564
      objectReference: {fileID: 0}
    - target: {fileID: -8679921383154817045, guid: f8cadb5bb61568c4a94466558aa6af60,
        type: 3}
      propertyPath: m_LocalRotation.z
      value: -0.090226024
      objectReference: {fileID: 0}
    - target: {fileID: -8679921383154817045, guid: f8cadb5bb61568c4a94466558aa6af60,
        type: 3}
      propertyPath: m_LocalRotation.w
      value: 0.7092689
      objectReference: {fileID: 0}
    - target: {fileID: -8679921383154817045, guid: f8cadb5bb61568c4a94466558aa6af60,
        type: 3}
      propertyPath: m_RootOrder
      value: 9
      objectReference: {fileID: 0}
    - target: {fileID: -8679921383154817045, guid: f8cadb5bb61568c4a94466558aa6af60,
        type: 3}
      propertyPath: m_LocalEulerAnglesHint.x
      value: -88.716
      objectReference: {fileID: 0}
    - target: {fileID: -8679921383154817045, guid: f8cadb5bb61568c4a94466558aa6af60,
        type: 3}
      propertyPath: m_LocalEulerAnglesHint.y
      value: 0
      objectReference: {fileID: 0}
    - target: {fileID: -8679921383154817045, guid: f8cadb5bb61568c4a94466558aa6af60,
        type: 3}
      propertyPath: m_LocalEulerAnglesHint.z
      value: -14.499001
      objectReference: {fileID: 0}
    - target: {fileID: -8679921383154817045, guid: f8cadb5bb61568c4a94466558aa6af60,
        type: 3}
      propertyPath: m_LocalScale.x
      value: 1.4567
      objectReference: {fileID: 0}
    - target: {fileID: -8679921383154817045, guid: f8cadb5bb61568c4a94466558aa6af60,
        type: 3}
      propertyPath: m_LocalScale.y
      value: 1.4567
      objectReference: {fileID: 0}
    - target: {fileID: -8679921383154817045, guid: f8cadb5bb61568c4a94466558aa6af60,
        type: 3}
      propertyPath: m_LocalScale.z
      value: 1.4567
      objectReference: {fileID: 0}
    - target: {fileID: 919132149155446097, guid: f8cadb5bb61568c4a94466558aa6af60,
        type: 3}
      propertyPath: m_Name
      value: Wood_Plank_02 (2)
      objectReference: {fileID: 0}
    m_RemovedComponents: []
  m_SourcePrefab: {fileID: 100100000, guid: f8cadb5bb61568c4a94466558aa6af60, type: 3}
--- !u!4 &6370599682044164876 stripped
Transform:
  m_CorrespondingSourceObject: {fileID: -8679921383154817045, guid: f8cadb5bb61568c4a94466558aa6af60,
    type: 3}
  m_PrefabInstance: {fileID: 6909176952914451687}
  m_PrefabAsset: {fileID: 0}
--- !u!1001 &8149227886090155260
PrefabInstance:
  m_ObjectHideFlags: 0
  serializedVersion: 2
  m_Modification:
    m_TransformParent: {fileID: 6007857837821073197}
    m_Modifications:
    - target: {fileID: -8679921383154817045, guid: c9e4017f5c8c087409e4d587468bb0be,
        type: 3}
      propertyPath: m_LocalPosition.x
      value: -1.5936694
      objectReference: {fileID: 0}
    - target: {fileID: -8679921383154817045, guid: c9e4017f5c8c087409e4d587468bb0be,
        type: 3}
      propertyPath: m_LocalPosition.y
      value: 0.114524126
      objectReference: {fileID: 0}
    - target: {fileID: -8679921383154817045, guid: c9e4017f5c8c087409e4d587468bb0be,
        type: 3}
      propertyPath: m_LocalPosition.z
      value: 3.4441357
      objectReference: {fileID: 0}
    - target: {fileID: -8679921383154817045, guid: c9e4017f5c8c087409e4d587468bb0be,
        type: 3}
      propertyPath: m_LocalRotation.x
      value: -0.5000007
      objectReference: {fileID: 0}
    - target: {fileID: -8679921383154817045, guid: c9e4017f5c8c087409e4d587468bb0be,
        type: 3}
      propertyPath: m_LocalRotation.y
      value: 0.4999993
      objectReference: {fileID: 0}
    - target: {fileID: -8679921383154817045, guid: c9e4017f5c8c087409e4d587468bb0be,
        type: 3}
      propertyPath: m_LocalRotation.z
      value: 0.4999993
      objectReference: {fileID: 0}
    - target: {fileID: -8679921383154817045, guid: c9e4017f5c8c087409e4d587468bb0be,
        type: 3}
      propertyPath: m_LocalRotation.w
      value: 0.5000007
      objectReference: {fileID: 0}
    - target: {fileID: -8679921383154817045, guid: c9e4017f5c8c087409e4d587468bb0be,
        type: 3}
      propertyPath: m_RootOrder
      value: 2
      objectReference: {fileID: 0}
    - target: {fileID: -8679921383154817045, guid: c9e4017f5c8c087409e4d587468bb0be,
        type: 3}
      propertyPath: m_LocalEulerAnglesHint.x
      value: -90.00001
      objectReference: {fileID: 0}
    - target: {fileID: -8679921383154817045, guid: c9e4017f5c8c087409e4d587468bb0be,
        type: 3}
      propertyPath: m_LocalEulerAnglesHint.y
      value: 0
      objectReference: {fileID: 0}
    - target: {fileID: -8679921383154817045, guid: c9e4017f5c8c087409e4d587468bb0be,
        type: 3}
      propertyPath: m_LocalEulerAnglesHint.z
      value: 90.00001
      objectReference: {fileID: 0}
    - target: {fileID: -8679921383154817045, guid: c9e4017f5c8c087409e4d587468bb0be,
        type: 3}
      propertyPath: m_LocalScale.x
      value: 1.0153881
      objectReference: {fileID: 0}
    - target: {fileID: -8679921383154817045, guid: c9e4017f5c8c087409e4d587468bb0be,
        type: 3}
      propertyPath: m_LocalScale.y
      value: 1.627042
      objectReference: {fileID: 0}
    - target: {fileID: -8679921383154817045, guid: c9e4017f5c8c087409e4d587468bb0be,
        type: 3}
      propertyPath: m_LocalScale.z
      value: 1.627042
      objectReference: {fileID: 0}
    - target: {fileID: 919132149155446097, guid: c9e4017f5c8c087409e4d587468bb0be,
        type: 3}
      propertyPath: m_Name
      value: Broken_Bridge_01
      objectReference: {fileID: 0}
    m_RemovedComponents: []
  m_SourcePrefab: {fileID: 100100000, guid: c9e4017f5c8c087409e4d587468bb0be, type: 3}
--- !u!4 &8547100829446902551 stripped
Transform:
  m_CorrespondingSourceObject: {fileID: -8679921383154817045, guid: c9e4017f5c8c087409e4d587468bb0be,
    type: 3}
  m_PrefabInstance: {fileID: 8149227886090155260}
  m_PrefabAsset: {fileID: 0}
--- !u!1001 &8609993661275822780
PrefabInstance:
  m_ObjectHideFlags: 0
  serializedVersion: 2
  m_Modification:
    m_TransformParent: {fileID: 6007857837821073197}
    m_Modifications:
    - target: {fileID: -8679921383154817045, guid: 09ccabc8e2267c344a57db58f516c228,
        type: 3}
      propertyPath: m_LocalPosition.x
      value: -1.3230262
      objectReference: {fileID: 0}
    - target: {fileID: -8679921383154817045, guid: 09ccabc8e2267c344a57db58f516c228,
        type: 3}
      propertyPath: m_LocalPosition.y
      value: -13.325476
      objectReference: {fileID: 0}
    - target: {fileID: -8679921383154817045, guid: 09ccabc8e2267c344a57db58f516c228,
        type: 3}
      propertyPath: m_LocalPosition.z
      value: 2.9341354
      objectReference: {fileID: 0}
    - target: {fileID: -8679921383154817045, guid: 09ccabc8e2267c344a57db58f516c228,
        type: 3}
      propertyPath: m_LocalRotation.x
      value: -0
      objectReference: {fileID: 0}
    - target: {fileID: -8679921383154817045, guid: 09ccabc8e2267c344a57db58f516c228,
        type: 3}
      propertyPath: m_LocalRotation.y
      value: -0
      objectReference: {fileID: 0}
    - target: {fileID: -8679921383154817045, guid: 09ccabc8e2267c344a57db58f516c228,
        type: 3}
      propertyPath: m_LocalRotation.z
      value: -0
      objectReference: {fileID: 0}
    - target: {fileID: -8679921383154817045, guid: 09ccabc8e2267c344a57db58f516c228,
        type: 3}
      propertyPath: m_LocalRotation.w
      value: 1
      objectReference: {fileID: 0}
    - target: {fileID: -8679921383154817045, guid: 09ccabc8e2267c344a57db58f516c228,
        type: 3}
      propertyPath: m_RootOrder
      value: 5
      objectReference: {fileID: 0}
    - target: {fileID: -8679921383154817045, guid: 09ccabc8e2267c344a57db58f516c228,
        type: 3}
      propertyPath: m_LocalEulerAnglesHint.x
      value: 0
      objectReference: {fileID: 0}
    - target: {fileID: -8679921383154817045, guid: 09ccabc8e2267c344a57db58f516c228,
        type: 3}
      propertyPath: m_LocalEulerAnglesHint.y
      value: 0
      objectReference: {fileID: 0}
    - target: {fileID: -8679921383154817045, guid: 09ccabc8e2267c344a57db58f516c228,
        type: 3}
      propertyPath: m_LocalEulerAnglesHint.z
      value: 0
      objectReference: {fileID: 0}
    - target: {fileID: -8679921383154817045, guid: 09ccabc8e2267c344a57db58f516c228,
        type: 3}
      propertyPath: m_LocalScale.z
      value: 1.4681737
      objectReference: {fileID: 0}
    - target: {fileID: -8679921383154817045, guid: 09ccabc8e2267c344a57db58f516c228,
        type: 3}
      propertyPath: m_LocalScale.y
      value: 1.4969612
      objectReference: {fileID: 0}
    - target: {fileID: 919132149155446097, guid: 09ccabc8e2267c344a57db58f516c228,
        type: 3}
      propertyPath: m_Name
      value: Pillar_01 (1)
      objectReference: {fileID: 0}
    m_RemovedComponents: []
  m_SourcePrefab: {fileID: 100100000, guid: 09ccabc8e2267c344a57db58f516c228, type: 3}
--- !u!4 &8139815299836329303 stripped
Transform:
  m_CorrespondingSourceObject: {fileID: -8679921383154817045, guid: 09ccabc8e2267c344a57db58f516c228,
    type: 3}
  m_PrefabInstance: {fileID: 8609993661275822780}
  m_PrefabAsset: {fileID: 0}
