%YAML 1.1
%TAG !u! tag:unity3d.com,2011:
--- !u!1 &1548799987271088186
GameObject:
  m_ObjectHideFlags: 0
  m_CorrespondingSourceObject: {fileID: 0}
  m_PrefabInstance: {fileID: 0}
  m_PrefabAsset: {fileID: 0}
  serializedVersion: 6
  m_Component:
  - component: {fileID: 8072988200383103119}
  m_Layer: 0
  m_Name: Floor_Main
  m_TagString: Untagged
  m_Icon: {fileID: 0}
  m_NavMeshLayer: 0
  m_StaticEditorFlags: 0
  m_IsActive: 1
--- !u!4 &8072988200383103119
Transform:
  m_ObjectHideFlags: 0
  m_CorrespondingSourceObject: {fileID: 0}
  m_PrefabInstance: {fileID: 0}
  m_PrefabAsset: {fileID: 0}
  m_GameObject: {fileID: 1548799987271088186}
  m_LocalRotation: {x: 0, y: 0, z: 0, w: 1}
  m_LocalPosition: {x: 4.8408713, y: 3.907416, z: -39.18125}
  m_LocalScale: {x: 1, y: 1, z: 1}
  m_Children:
  - {fileID: 2310202961533060396}
  - {fileID: 239841957138191322}
  - {fileID: 5342634613615375456}
  - {fileID: 6778524708947333241}
  - {fileID: 1883995234349587278}
  m_Father: {fileID: 0}
  m_RootOrder: 0
  m_LocalEulerAnglesHint: {x: 0, y: 0, z: 0}
--- !u!1001 &2795878604760919372
PrefabInstance:
  m_ObjectHideFlags: 0
  serializedVersion: 2
  m_Modification:
    m_TransformParent: {fileID: 8072988200383103119}
    m_Modifications:
    - target: {fileID: 7847571936000579884, guid: 3edff67b5c79e9b4e866ea06b1256dad,
        type: 3}
      propertyPath: m_LocalPosition.x
      value: -3.2548714
      objectReference: {fileID: 0}
    - target: {fileID: 7847571936000579884, guid: 3edff67b5c79e9b4e866ea06b1256dad,
        type: 3}
      propertyPath: m_LocalPosition.y
      value: -2.6274161
      objectReference: {fileID: 0}
    - target: {fileID: 7847571936000579884, guid: 3edff67b5c79e9b4e866ea06b1256dad,
        type: 3}
      propertyPath: m_LocalPosition.z
      value: 3.9712524
      objectReference: {fileID: 0}
    - target: {fileID: 7847571936000579884, guid: 3edff67b5c79e9b4e866ea06b1256dad,
        type: 3}
      propertyPath: m_LocalRotation.x
      value: -0
      objectReference: {fileID: 0}
    - target: {fileID: 7847571936000579884, guid: 3edff67b5c79e9b4e866ea06b1256dad,
        type: 3}
      propertyPath: m_LocalRotation.y
      value: -0
      objectReference: {fileID: 0}
    - target: {fileID: 7847571936000579884, guid: 3edff67b5c79e9b4e866ea06b1256dad,
        type: 3}
      propertyPath: m_LocalRotation.z
      value: -0
      objectReference: {fileID: 0}
    - target: {fileID: 7847571936000579884, guid: 3edff67b5c79e9b4e866ea06b1256dad,
        type: 3}
      propertyPath: m_LocalRotation.w
      value: 1
      objectReference: {fileID: 0}
    - target: {fileID: 7847571936000579884, guid: 3edff67b5c79e9b4e866ea06b1256dad,
        type: 3}
      propertyPath: m_RootOrder
      value: 2
      objectReference: {fileID: 0}
    - target: {fileID: 7847571936000579884, guid: 3edff67b5c79e9b4e866ea06b1256dad,
        type: 3}
      propertyPath: m_LocalEulerAnglesHint.x
      value: 0
      objectReference: {fileID: 0}
    - target: {fileID: 7847571936000579884, guid: 3edff67b5c79e9b4e866ea06b1256dad,
        type: 3}
      propertyPath: m_LocalEulerAnglesHint.y
      value: 0
      objectReference: {fileID: 0}
    - target: {fileID: 7847571936000579884, guid: 3edff67b5c79e9b4e866ea06b1256dad,
        type: 3}
      propertyPath: m_LocalEulerAnglesHint.z
      value: 0
      objectReference: {fileID: 0}
    - target: {fileID: 7847571936000579885, guid: 3edff67b5c79e9b4e866ea06b1256dad,
        type: 3}
      propertyPath: m_Name
      value: Floor_A
      objectReference: {fileID: 0}
    m_RemovedComponents: []
  m_SourcePrefab: {fileID: 100100000, guid: 3edff67b5c79e9b4e866ea06b1256dad, type: 3}
--- !u!4 &5342634613615375456 stripped
Transform:
  m_CorrespondingSourceObject: {fileID: 7847571936000579884, guid: 3edff67b5c79e9b4e866ea06b1256dad,
    type: 3}
  m_PrefabInstance: {fileID: 2795878604760919372}
  m_PrefabAsset: {fileID: 0}
--- !u!1001 &2847898015451488967
PrefabInstance:
  m_ObjectHideFlags: 0
  serializedVersion: 2
  m_Modification:
    m_TransformParent: {fileID: 8072988200383103119}
    m_Modifications:
    - target: {fileID: -8679921383154817045, guid: c1ad7c4b542d04c448e8b3598037f511,
        type: 3}
      propertyPath: m_LocalPosition.x
      value: -0.8344178
      objectReference: {fileID: 0}
    - target: {fileID: -8679921383154817045, guid: c1ad7c4b542d04c448e8b3598037f511,
        type: 3}
      propertyPath: m_LocalPosition.y
      value: -2.6024158
      objectReference: {fileID: 0}
    - target: {fileID: -8679921383154817045, guid: c1ad7c4b542d04c448e8b3598037f511,
        type: 3}
      propertyPath: m_LocalPosition.z
      value: 0.6655693
      objectReference: {fileID: 0}
    - target: {fileID: -8679921383154817045, guid: c1ad7c4b542d04c448e8b3598037f511,
        type: 3}
      propertyPath: m_LocalRotation.x
      value: -0
      objectReference: {fileID: 0}
    - target: {fileID: -8679921383154817045, guid: c1ad7c4b542d04c448e8b3598037f511,
        type: 3}
      propertyPath: m_LocalRotation.y
      value: -0
      objectReference: {fileID: 0}
    - target: {fileID: -8679921383154817045, guid: c1ad7c4b542d04c448e8b3598037f511,
        type: 3}
      propertyPath: m_LocalRotation.z
      value: -0
      objectReference: {fileID: 0}
    - target: {fileID: -8679921383154817045, guid: c1ad7c4b542d04c448e8b3598037f511,
        type: 3}
      propertyPath: m_LocalRotation.w
      value: 1
      objectReference: {fileID: 0}
    - target: {fileID: -8679921383154817045, guid: c1ad7c4b542d04c448e8b3598037f511,
        type: 3}
      propertyPath: m_RootOrder
      value: 0
      objectReference: {fileID: 0}
    - target: {fileID: -8679921383154817045, guid: c1ad7c4b542d04c448e8b3598037f511,
        type: 3}
      propertyPath: m_LocalEulerAnglesHint.x
      value: 0
      objectReference: {fileID: 0}
    - target: {fileID: -8679921383154817045, guid: c1ad7c4b542d04c448e8b3598037f511,
        type: 3}
      propertyPath: m_LocalEulerAnglesHint.y
      value: 0
      objectReference: {fileID: 0}
    - target: {fileID: -8679921383154817045, guid: c1ad7c4b542d04c448e8b3598037f511,
        type: 3}
      propertyPath: m_LocalEulerAnglesHint.z
      value: 0
      objectReference: {fileID: 0}
    - target: {fileID: -8679921383154817045, guid: c1ad7c4b542d04c448e8b3598037f511,
        type: 3}
      propertyPath: m_LocalScale.x
      value: 0.83757
      objectReference: {fileID: 0}
    - target: {fileID: -8679921383154817045, guid: c1ad7c4b542d04c448e8b3598037f511,
        type: 3}
      propertyPath: m_LocalScale.y
      value: 0.83757
      objectReference: {fileID: 0}
    - target: {fileID: -8679921383154817045, guid: c1ad7c4b542d04c448e8b3598037f511,
        type: 3}
      propertyPath: m_LocalScale.z
      value: 0.83757
      objectReference: {fileID: 0}
    - target: {fileID: 919132149155446097, guid: c1ad7c4b542d04c448e8b3598037f511,
        type: 3}
      propertyPath: m_Name
      value: GroundDetail01
      objectReference: {fileID: 0}
    m_RemovedComponents: []
  m_SourcePrefab: {fileID: 100100000, guid: c1ad7c4b542d04c448e8b3598037f511, type: 3}
--- !u!4 &2310202961533060396 stripped
Transform:
  m_CorrespondingSourceObject: {fileID: -8679921383154817045, guid: c1ad7c4b542d04c448e8b3598037f511,
    type: 3}
  m_PrefabInstance: {fileID: 2847898015451488967}
  m_PrefabAsset: {fileID: 0}
--- !u!1001 &3673254321465592149
PrefabInstance:
  m_ObjectHideFlags: 0
  serializedVersion: 2
  m_Modification:
    m_TransformParent: {fileID: 8072988200383103119}
    m_Modifications:
    - target: {fileID: 7847571936000579884, guid: 3edff67b5c79e9b4e866ea06b1256dad,
        type: 3}
      propertyPath: m_LocalPosition.x
      value: -3.2548714
      objectReference: {fileID: 0}
    - target: {fileID: 7847571936000579884, guid: 3edff67b5c79e9b4e866ea06b1256dad,
        type: 3}
      propertyPath: m_LocalPosition.y
      value: -2.6274161
      objectReference: {fileID: 0}
    - target: {fileID: 7847571936000579884, guid: 3edff67b5c79e9b4e866ea06b1256dad,
        type: 3}
      propertyPath: m_LocalPosition.z
      value: -2.6087456
      objectReference: {fileID: 0}
    - target: {fileID: 7847571936000579884, guid: 3edff67b5c79e9b4e866ea06b1256dad,
        type: 3}
      propertyPath: m_LocalRotation.x
      value: -0
      objectReference: {fileID: 0}
    - target: {fileID: 7847571936000579884, guid: 3edff67b5c79e9b4e866ea06b1256dad,
        type: 3}
      propertyPath: m_LocalRotation.y
      value: -0
      objectReference: {fileID: 0}
    - target: {fileID: 7847571936000579884, guid: 3edff67b5c79e9b4e866ea06b1256dad,
        type: 3}
      propertyPath: m_LocalRotation.z
      value: -0
      objectReference: {fileID: 0}
    - target: {fileID: 7847571936000579884, guid: 3edff67b5c79e9b4e866ea06b1256dad,
        type: 3}
      propertyPath: m_LocalRotation.w
      value: 1
      objectReference: {fileID: 0}
    - target: {fileID: 7847571936000579884, guid: 3edff67b5c79e9b4e866ea06b1256dad,
        type: 3}
      propertyPath: m_RootOrder
      value: 3
      objectReference: {fileID: 0}
    - target: {fileID: 7847571936000579884, guid: 3edff67b5c79e9b4e866ea06b1256dad,
        type: 3}
      propertyPath: m_LocalEulerAnglesHint.x
      value: 0
      objectReference: {fileID: 0}
    - target: {fileID: 7847571936000579884, guid: 3edff67b5c79e9b4e866ea06b1256dad,
        type: 3}
      propertyPath: m_LocalEulerAnglesHint.y
      value: 0
      objectReference: {fileID: 0}
    - target: {fileID: 7847571936000579884, guid: 3edff67b5c79e9b4e866ea06b1256dad,
        type: 3}
      propertyPath: m_LocalEulerAnglesHint.z
      value: 0
      objectReference: {fileID: 0}
    - target: {fileID: 7847571936000579885, guid: 3edff67b5c79e9b4e866ea06b1256dad,
        type: 3}
      propertyPath: m_Name
      value: Floor_A (3)
      objectReference: {fileID: 0}
    m_RemovedComponents: []
  m_SourcePrefab: {fileID: 100100000, guid: 3edff67b5c79e9b4e866ea06b1256dad, type: 3}
--- !u!4 &6778524708947333241 stripped
Transform:
  m_CorrespondingSourceObject: {fileID: 7847571936000579884, guid: 3edff67b5c79e9b4e866ea06b1256dad,
    type: 3}
  m_PrefabInstance: {fileID: 3673254321465592149}
  m_PrefabAsset: {fileID: 0}
--- !u!1001 &8051376091716602614
PrefabInstance:
  m_ObjectHideFlags: 0
  serializedVersion: 2
  m_Modification:
    m_TransformParent: {fileID: 8072988200383103119}
    m_Modifications:
    - target: {fileID: 7847571936000579884, guid: 3edff67b5c79e9b4e866ea06b1256dad,
        type: 3}
      propertyPath: m_LocalPosition.x
      value: 1.5111289
      objectReference: {fileID: 0}
    - target: {fileID: 7847571936000579884, guid: 3edff67b5c79e9b4e866ea06b1256dad,
        type: 3}
      propertyPath: m_LocalPosition.y
      value: -2.657416
      objectReference: {fileID: 0}
    - target: {fileID: 7847571936000579884, guid: 3edff67b5c79e9b4e866ea06b1256dad,
        type: 3}
      propertyPath: m_LocalPosition.z
      value: 3.9882507
      objectReference: {fileID: 0}
    - target: {fileID: 7847571936000579884, guid: 3edff67b5c79e9b4e866ea06b1256dad,
        type: 3}
      propertyPath: m_LocalRotation.x
      value: -0
      objectReference: {fileID: 0}
    - target: {fileID: 7847571936000579884, guid: 3edff67b5c79e9b4e866ea06b1256dad,
        type: 3}
      propertyPath: m_LocalRotation.y
      value: -0
      objectReference: {fileID: 0}
    - target: {fileID: 7847571936000579884, guid: 3edff67b5c79e9b4e866ea06b1256dad,
        type: 3}
      propertyPath: m_LocalRotation.z
      value: -0
      objectReference: {fileID: 0}
    - target: {fileID: 7847571936000579884, guid: 3edff67b5c79e9b4e866ea06b1256dad,
        type: 3}
      propertyPath: m_LocalRotation.w
      value: 1
      objectReference: {fileID: 0}
    - target: {fileID: 7847571936000579884, guid: 3edff67b5c79e9b4e866ea06b1256dad,
        type: 3}
      propertyPath: m_RootOrder
      value: 1
      objectReference: {fileID: 0}
    - target: {fileID: 7847571936000579884, guid: 3edff67b5c79e9b4e866ea06b1256dad,
        type: 3}
      propertyPath: m_LocalEulerAnglesHint.x
      value: 0
      objectReference: {fileID: 0}
    - target: {fileID: 7847571936000579884, guid: 3edff67b5c79e9b4e866ea06b1256dad,
        type: 3}
      propertyPath: m_LocalEulerAnglesHint.y
      value: 0
      objectReference: {fileID: 0}
    - target: {fileID: 7847571936000579884, guid: 3edff67b5c79e9b4e866ea06b1256dad,
        type: 3}
      propertyPath: m_LocalEulerAnglesHint.z
      value: 0
      objectReference: {fileID: 0}
    - target: {fileID: 7847571936000579885, guid: 3edff67b5c79e9b4e866ea06b1256dad,
        type: 3}
      propertyPath: m_Name
      value: Floor_A (1)
      objectReference: {fileID: 0}
    m_RemovedComponents: []
  m_SourcePrefab: {fileID: 100100000, guid: 3edff67b5c79e9b4e866ea06b1256dad, type: 3}
--- !u!4 &239841957138191322 stripped
Transform:
  m_CorrespondingSourceObject: {fileID: 7847571936000579884, guid: 3edff67b5c79e9b4e866ea06b1256dad,
    type: 3}
  m_PrefabInstance: {fileID: 8051376091716602614}
  m_PrefabAsset: {fileID: 0}
--- !u!1001 &8560611407015182946
PrefabInstance:
  m_ObjectHideFlags: 0
  serializedVersion: 2
  m_Modification:
    m_TransformParent: {fileID: 8072988200383103119}
    m_Modifications:
    - target: {fileID: 7847571936000579884, guid: 3edff67b5c79e9b4e866ea06b1256dad,
        type: 3}
      propertyPath: m_LocalPosition.x
      value: 1.5111289
      objectReference: {fileID: 0}
    - target: {fileID: 7847571936000579884, guid: 3edff67b5c79e9b4e866ea06b1256dad,
        type: 3}
      propertyPath: m_LocalPosition.y
      value: -2.657416
      objectReference: {fileID: 0}
    - target: {fileID: 7847571936000579884, guid: 3edff67b5c79e9b4e866ea06b1256dad,
        type: 3}
      propertyPath: m_LocalPosition.z
      value: -2.5917473
      objectReference: {fileID: 0}
    - target: {fileID: 7847571936000579884, guid: 3edff67b5c79e9b4e866ea06b1256dad,
        type: 3}
      propertyPath: m_LocalRotation.x
      value: -0
      objectReference: {fileID: 0}
    - target: {fileID: 7847571936000579884, guid: 3edff67b5c79e9b4e866ea06b1256dad,
        type: 3}
      propertyPath: m_LocalRotation.y
      value: -0
      objectReference: {fileID: 0}
    - target: {fileID: 7847571936000579884, guid: 3edff67b5c79e9b4e866ea06b1256dad,
        type: 3}
      propertyPath: m_LocalRotation.z
      value: -0
      objectReference: {fileID: 0}
    - target: {fileID: 7847571936000579884, guid: 3edff67b5c79e9b4e866ea06b1256dad,
        type: 3}
      propertyPath: m_LocalRotation.w
      value: 1
      objectReference: {fileID: 0}
    - target: {fileID: 7847571936000579884, guid: 3edff67b5c79e9b4e866ea06b1256dad,
        type: 3}
      propertyPath: m_RootOrder
      value: 4
      objectReference: {fileID: 0}
    - target: {fileID: 7847571936000579884, guid: 3edff67b5c79e9b4e866ea06b1256dad,
        type: 3}
      propertyPath: m_LocalEulerAnglesHint.x
      value: 0
      objectReference: {fileID: 0}
    - target: {fileID: 7847571936000579884, guid: 3edff67b5c79e9b4e866ea06b1256dad,
        type: 3}
      propertyPath: m_LocalEulerAnglesHint.y
      value: 0
      objectReference: {fileID: 0}
    - target: {fileID: 7847571936000579884, guid: 3edff67b5c79e9b4e866ea06b1256dad,
        type: 3}
      propertyPath: m_LocalEulerAnglesHint.z
      value: 0
      objectReference: {fileID: 0}
    - target: {fileID: 7847571936000579885, guid: 3edff67b5c79e9b4e866ea06b1256dad,
        type: 3}
      propertyPath: m_Name
      value: Floor_A (2)
      objectReference: {fileID: 0}
    m_RemovedComponents: []
  m_SourcePrefab: {fileID: 100100000, guid: 3edff67b5c79e9b4e866ea06b1256dad, type: 3}
--- !u!4 &1883995234349587278 stripped
Transform:
  m_CorrespondingSourceObject: {fileID: 7847571936000579884, guid: 3edff67b5c79e9b4e866ea06b1256dad,
    type: 3}
  m_PrefabInstance: {fileID: 8560611407015182946}
  m_PrefabAsset: {fileID: 0}
