%YAML 1.1
%TAG !u! tag:unity3d.com,2011:
--- !u!1 &5867007047846102941
GameObject:
  m_ObjectHideFlags: 0
  m_CorrespondingSourceObject: {fileID: 0}
  m_PrefabInstance: {fileID: 0}
  m_PrefabAsset: {fileID: 0}
  serializedVersion: 6
  m_Component:
  - component: {fileID: 7413415915725565477}
  - component: {fileID: 3702033726270160122}
  m_Layer: 0
  m_Name: Floor_S 1
  m_TagString: Untagged
  m_Icon: {fileID: 0}
  m_NavMeshLayer: 0
  m_StaticEditorFlags: 0
  m_IsActive: 1
--- !u!4 &7413415915725565477
Transform:
  m_ObjectHideFlags: 0
  m_CorrespondingSourceObject: {fileID: 0}
  m_PrefabInstance: {fileID: 0}
  m_PrefabAsset: {fileID: 0}
  m_GameObject: {fileID: 5867007047846102941}
  m_LocalRotation: {x: 0, y: 0, z: 0, w: 1}
  m_LocalPosition: {x: 11.50744, y: 1.8413967, z: -2.7444296}
  m_LocalScale: {x: 1, y: 1, z: 1}
  m_Children:
  - {fileID: 3548439937807371326}
  - {fileID: 2446898212424414132}
  m_Father: {fileID: 0}
  m_RootOrder: 0
  m_LocalEulerAnglesHint: {x: 0, y: 0, z: 0}
--- !u!64 &3702033726270160122
MeshCollider:
  m_ObjectHideFlags: 0
  m_CorrespondingSourceObject: {fileID: 0}
  m_PrefabInstance: {fileID: 0}
  m_PrefabAsset: {fileID: 0}
  m_GameObject: {fileID: 5867007047846102941}
  m_Material: {fileID: 0}
  m_IsTrigger: 0
  m_Enabled: 1
  serializedVersion: 4
  m_Convex: 0
  m_CookingOptions: 30
  m_Mesh: {fileID: 0}
--- !u!1001 &2774104708093383775
PrefabInstance:
  m_ObjectHideFlags: 0
  serializedVersion: 2
  m_Modification:
    m_TransformParent: {fileID: 7413415915725565477}
    m_Modifications:
    - target: {fileID: -8679921383154817045, guid: bfb76a8c1c33cfe4c9cd249af6cc3d5e,
        type: 3}
      propertyPath: m_LocalPosition.x
      value: -2.7372
      objectReference: {fileID: 0}
    - target: {fileID: -8679921383154817045, guid: bfb76a8c1c33cfe4c9cd249af6cc3d5e,
        type: 3}
      propertyPath: m_LocalPosition.y
      value: -2.3714
      objectReference: {fileID: 0}
    - target: {fileID: -8679921383154817045, guid: bfb76a8c1c33cfe4c9cd249af6cc3d5e,
        type: 3}
      propertyPath: m_LocalPosition.z
      value: 1.89
      objectReference: {fileID: 0}
    - target: {fileID: -8679921383154817045, guid: bfb76a8c1c33cfe4c9cd249af6cc3d5e,
        type: 3}
      propertyPath: m_LocalRotation.x
      value: -0.50009686
      objectReference: {fileID: 0}
    - target: {fileID: -8679921383154817045, guid: bfb76a8c1c33cfe4c9cd249af6cc3d5e,
        type: 3}
      propertyPath: m_LocalRotation.y
      value: 0.49990314
      objectReference: {fileID: 0}
    - target: {fileID: -8679921383154817045, guid: bfb76a8c1c33cfe4c9cd249af6cc3d5e,
        type: 3}
      propertyPath: m_LocalRotation.z
      value: 0.49990314
      objectReference: {fileID: 0}
    - target: {fileID: -8679921383154817045, guid: bfb76a8c1c33cfe4c9cd249af6cc3d5e,
        type: 3}
      propertyPath: m_LocalRotation.w
      value: 0.50009686
      objectReference: {fileID: 0}
    - target: {fileID: -8679921383154817045, guid: bfb76a8c1c33cfe4c9cd249af6cc3d5e,
        type: 3}
      propertyPath: m_RootOrder
      value: 1
      objectReference: {fileID: 0}
    - target: {fileID: -8679921383154817045, guid: bfb76a8c1c33cfe4c9cd249af6cc3d5e,
        type: 3}
      propertyPath: m_LocalEulerAnglesHint.x
      value: -90.00001
      objectReference: {fileID: 0}
    - target: {fileID: -8679921383154817045, guid: bfb76a8c1c33cfe4c9cd249af6cc3d5e,
        type: 3}
      propertyPath: m_LocalEulerAnglesHint.y
      value: 0
      objectReference: {fileID: 0}
    - target: {fileID: -8679921383154817045, guid: bfb76a8c1c33cfe4c9cd249af6cc3d5e,
        type: 3}
      propertyPath: m_LocalEulerAnglesHint.z
      value: 89.978004
      objectReference: {fileID: 0}
    - target: {fileID: -8679921383154817045, guid: bfb76a8c1c33cfe4c9cd249af6cc3d5e,
        type: 3}
      propertyPath: m_LocalScale.x
      value: 1.0477684
      objectReference: {fileID: 0}
    - target: {fileID: -8679921383154817045, guid: bfb76a8c1c33cfe4c9cd249af6cc3d5e,
        type: 3}
      propertyPath: m_LocalScale.y
      value: 1.3777
      objectReference: {fileID: 0}
    - target: {fileID: -8679921383154817045, guid: bfb76a8c1c33cfe4c9cd249af6cc3d5e,
        type: 3}
      propertyPath: m_LocalScale.z
      value: 1.3777
      objectReference: {fileID: 0}
    - target: {fileID: 919132149155446097, guid: bfb76a8c1c33cfe4c9cd249af6cc3d5e,
        type: 3}
      propertyPath: m_Name
      value: Stairs_01
      objectReference: {fileID: 0}
    m_RemovedComponents: []
  m_SourcePrefab: {fileID: 100100000, guid: bfb76a8c1c33cfe4c9cd249af6cc3d5e, type: 3}
--- !u!4 &2446898212424414132 stripped
Transform:
  m_CorrespondingSourceObject: {fileID: -8679921383154817045, guid: bfb76a8c1c33cfe4c9cd249af6cc3d5e,
    type: 3}
  m_PrefabInstance: {fileID: 2774104708093383775}
  m_PrefabAsset: {fileID: 0}
--- !u!1001 &3941826356767894485
PrefabInstance:
  m_ObjectHideFlags: 0
  serializedVersion: 2
  m_Modification:
    m_TransformParent: {fileID: 7413415915725565477}
    m_Modifications:
    - target: {fileID: -8679921383154817045, guid: d45ccc0524276bb438e3b5fa261b8c5f,
        type: 3}
      propertyPath: m_LocalPosition.x
      value: -2.75
      objectReference: {fileID: 0}
    - target: {fileID: -8679921383154817045, guid: d45ccc0524276bb438e3b5fa261b8c5f,
        type: 3}
      propertyPath: m_LocalPosition.y
      value: -2.04
      objectReference: {fileID: 0}
    - target: {fileID: -8679921383154817045, guid: d45ccc0524276bb438e3b5fa261b8c5f,
        type: 3}
      propertyPath: m_LocalPosition.z
      value: -3.2155704
      objectReference: {fileID: 0}
    - target: {fileID: -8679921383154817045, guid: d45ccc0524276bb438e3b5fa261b8c5f,
        type: 3}
      propertyPath: m_LocalRotation.x
      value: -0.5000007
      objectReference: {fileID: 0}
    - target: {fileID: -8679921383154817045, guid: d45ccc0524276bb438e3b5fa261b8c5f,
        type: 3}
      propertyPath: m_LocalRotation.y
      value: 0.4999993
      objectReference: {fileID: 0}
    - target: {fileID: -8679921383154817045, guid: d45ccc0524276bb438e3b5fa261b8c5f,
        type: 3}
      propertyPath: m_LocalRotation.z
      value: 0.4999993
      objectReference: {fileID: 0}
    - target: {fileID: -8679921383154817045, guid: d45ccc0524276bb438e3b5fa261b8c5f,
        type: 3}
      propertyPath: m_LocalRotation.w
      value: 0.5000007
      objectReference: {fileID: 0}
    - target: {fileID: -8679921383154817045, guid: d45ccc0524276bb438e3b5fa261b8c5f,
        type: 3}
      propertyPath: m_RootOrder
      value: 0
      objectReference: {fileID: 0}
    - target: {fileID: -8679921383154817045, guid: d45ccc0524276bb438e3b5fa261b8c5f,
        type: 3}
      propertyPath: m_LocalEulerAnglesHint.x
      value: -90.00001
      objectReference: {fileID: 0}
    - target: {fileID: -8679921383154817045, guid: d45ccc0524276bb438e3b5fa261b8c5f,
        type: 3}
      propertyPath: m_LocalEulerAnglesHint.y
      value: 0
      objectReference: {fileID: 0}
    - target: {fileID: -8679921383154817045, guid: d45ccc0524276bb438e3b5fa261b8c5f,
        type: 3}
      propertyPath: m_LocalEulerAnglesHint.z
      value: 90.00001
      objectReference: {fileID: 0}
    - target: {fileID: -8679921383154817045, guid: d45ccc0524276bb438e3b5fa261b8c5f,
        type: 3}
      propertyPath: m_LocalScale.y
      value: 1.1842
      objectReference: {fileID: 0}
    - target: {fileID: -8679921383154817045, guid: d45ccc0524276bb438e3b5fa261b8c5f,
        type: 3}
      propertyPath: m_LocalScale.z
      value: 1.1685
      objectReference: {fileID: 0}
    - target: {fileID: 919132149155446097, guid: d45ccc0524276bb438e3b5fa261b8c5f,
        type: 3}
      propertyPath: m_Name
      value: Broken_Floor_01
      objectReference: {fileID: 0}
    m_RemovedComponents: []
  m_SourcePrefab: {fileID: 100100000, guid: d45ccc0524276bb438e3b5fa261b8c5f, type: 3}
--- !u!4 &3548439937807371326 stripped
Transform:
  m_CorrespondingSourceObject: {fileID: -8679921383154817045, guid: d45ccc0524276bb438e3b5fa261b8c5f,
    type: 3}
  m_PrefabInstance: {fileID: 3941826356767894485}
  m_PrefabAsset: {fileID: 0}
